<?xml version="1.0" encoding="UTF-8"?><collection xmlns="http://www.loc.gov/MARC21/slim"><record><leader>00688nam--2200205-i-4500</leader><controlfield tag="001">000014293</controlfield><controlfield tag="002">20161230</controlfield><controlfield tag="005">20161230201030</controlfield><controlfield tag="008">060222s1000------------r-----000-0-eng-d</controlfield><datafield ind1=" " ind2=" " tag="020"><subfield code="a">3764330953</subfield></datafield><datafield ind1=" " ind2=" " tag="040"><subfield code="a">IFIN-HH</subfield></datafield><datafield ind1=" " ind2=" " tag="080"><subfield code="a">530.145(075.9)</subfield></datafield><datafield ind1="1" ind2=" " tag="100"><subfield code="a">Dita, P./S.A.</subfield></datafield><datafield ind1="1" ind2="0" tag="245"><subfield code="a">Gauge theories: fundamental interactions and rigorous results</subfield><subfield code="b">Lectures given at the 1981 international summer school of theoretical physics, poiana brasov, romania</subfield><subfield code="c">P. dita, v. georgescu, r.purice (eds.)</subfield></datafield><datafield ind1=" " ind2=" " tag="260"><subfield code="a">Boston</subfield><subfield code="b">Birkhauser</subfield><subfield code="c">1982</subfield></datafield><datafield ind1=" " ind2=" " tag="300"><subfield code="a">XV+385P</subfield></datafield><datafield ind1=" " ind2=" " tag="490"><subfield code="a">Progress In Physics</subfield><subfield code="v">Vol. 5</subfield></datafield><datafield ind1="1" ind2=" " tag="700"><subfield code="a">Purice, R</subfield><subfield code="e">Ed</subfield></datafield><datafield ind1=" " ind2=" " tag="852"><subfield code="a">49139</subfield><subfield code="c">530.1</subfield></datafield><datafield ind1=" " ind2=" " tag="CAT"><subfield code="a">Sys</subfield><subfield code="c">20120720</subfield><subfield code="h">132737</subfield></datafield></record></collection>